<marc:collection xmlns:marc="http://www.loc.gov/MARC21/slim" xmlns:xsi="http://www.w3.org/2001/XMLSchema-instance" xsi:schemaLocation="http://www.loc.gov/MARC21/slim http://www.loc.gov/standards/marcxml/schema/MARC21slim.xsd">
    <marc:record type="Bibliographic">
        <marc:leader>01858cem a22003733a 4500</marc:leader>
        <marc:controlfield tag="001">6449186</marc:controlfield>
        <marc:controlfield tag="005">20141202103450.0</marc:controlfield>
        <marc:controlfield tag="008">110203s1884    xx        a     0   eng d</marc:controlfield>
        <marc:datafield tag="034" ind1="1" ind2=" ">
            <marc:subfield code="a">a</marc:subfield>
            <marc:subfield code="b">380160</marc:subfield>
            <marc:subfield code="d">-75.55</marc:subfield>
            <marc:subfield code="e">-73.86666666666666</marc:subfield>
            <marc:subfield code="f">40.75</marc:subfield>
            <marc:subfield code="g">38.916666666666664</marc:subfield>
        </marc:datafield>
        <marc:datafield tag="035" ind1=" " ind2=" ">
            <marc:subfield code="a">(OCoLC)706473889</marc:subfield>
        </marc:datafield>
        <marc:datafield tag="035" ind1=" " ind2=" ">
            <marc:subfield code="a">(NjP Geomap) 108</marc:subfield>
        </marc:datafield>
        <marc:datafield tag="040" ind1=" " ind2=" ">
            <marc:subfield code="c">NjP</marc:subfield>
        </marc:datafield>
        <marc:datafield tag="041" ind1="0" ind2=" ">
            <marc:subfield code="a">eng</marc:subfield>
        </marc:datafield>
        <marc:datafield tag="245" ind1="0" ind2="0">
            <marc:subfield code="a">Geologic map of a part of New Jersey.</marc:subfield>
        </marc:datafield>
        <marc:datafield tag="255" ind1=" " ind2=" ">
            <marc:subfield code="a">Scale 1:380,160 or 1 in. = 6 mi.</marc:subfield>
            <marc:subfield code="c">(W 75°33ʹ--W 73°52ʹ/N 40°45ʹ--N 38°55ʹ)</marc:subfield>
        </marc:datafield>
        <marc:datafield tag="260" ind1=" " ind2=" ">
            <marc:subfield code="a">Trenton, N.J. :</marc:subfield>
            <marc:subfield code="b">Geological Survey of New Jersey,</marc:subfield>
            <marc:subfield code="c">1884.</marc:subfield>
        </marc:datafield>
        <marc:datafield tag="260" ind1=" " ind2=" ">
            <marc:subfield code="a">[Reston, Va.] :</marc:subfield>
            <marc:subfield code="b">U.S. Geological Survey,</marc:subfield>
            <marc:subfield code="c">1884.</marc:subfield>
        </marc:datafield>
        <marc:datafield tag="260" ind1=" " ind2=" ">
            <marc:subfield code="a">[Reston, Va.] :</marc:subfield>
            <marc:subfield code="b">U.S. Geological Survey,</marc:subfield>
            <marc:subfield code="c">1884.</marc:subfield>
        </marc:datafield>
        <marc:datafield tag="490" ind1="0" ind2=" ">
            <marc:subfield code="a">Geological Survey of New Jersey . Report on Paleontology ;</marc:subfield>
            <marc:subfield code="v">v.1</marc:subfield>
        </marc:datafield>
        <marc:datafield tag="490" ind1="0" ind2=" ">
            <marc:subfield code="a">United States. Geological Survey. Monographs vol. ;</marc:subfield>
            <marc:subfield code="v">9</marc:subfield>
        </marc:datafield>
        <marc:datafield tag="500" ind1=" " ind2=" ">
            <marc:subfield code="a">New Jersey Geological Survey</marc:subfield>
        </marc:datafield>
        <marc:datafield tag="500" ind1=" " ind2=" ">
            <marc:subfield code="a">Companion text: Brachiopoda and Lamellibranchiata of the Raritan clays and greensand marls of New Jersey / Robert P. Whitfield. Trenton, NJ: Geological Survey of New Jersey. Report on Paleontology vol. I. 1886. 270p., 35pl.</marc:subfield>
        </marc:datafield>
        <marc:datafield tag="500" ind1=" " ind2=" ">
            <marc:subfield code="a">Companion text: Brachiopoda and Lamellibranchiata of the Raritan clays and greensand marls of New Jersey / Robert P. Whitfield. Washington, D.C.: United States Geological Survey. Monographs vol. IX, 1885. 338p.</marc:subfield>
        </marc:datafield>
        <marc:datafield tag="500" ind1=" " ind2=" ">
            <marc:subfield code="a">In upper margin: United States Geological Survey. Brachiopoda and lamellibranchiata of N.J. Also map is acoompanie by volume call number: 8540.922.26 vol. 9</marc:subfield>
        </marc:datafield>
        <marc:datafield tag="546" ind1=" " ind2=" ">
            <marc:subfield code="a">In English.</marc:subfield>
        </marc:datafield>
        <marc:datafield tag="650" ind1=" " ind2="0">
            <marc:subfield code="a">Geology</marc:subfield>
        </marc:datafield>
        <marc:datafield tag="650" ind1=" " ind2="0">
            <marc:subfield code="a">Fossils</marc:subfield>
        </marc:datafield>
        <marc:datafield tag="651" ind1=" " ind2="0">
            <marc:subfield code="a">New Jersey</marc:subfield>
            <marc:subfield code="v">Maps.</marc:subfield>
        </marc:datafield>
        <marc:datafield tag="651" ind1=" " ind2="7">
            <marc:subfield code="a">U.S.--NJ</marc:subfield>
            <marc:subfield code="2">local</marc:subfield>
        </marc:datafield>
        <marc:datafield tag="651" ind1=" " ind2="7">
            <marc:subfield code="a">New Jersey</marc:subfield>
            <marc:subfield code="2">local</marc:subfield>
        </marc:datafield>
        <marc:datafield tag="700" ind1="1" ind2=" ">
            <marc:subfield code="a">Cook, George H.</marc:subfield>
        </marc:datafield>
        <marc:datafield tag="852" ind1="8" ind2=" ">
            <marc:subfield code="b">scimc</marc:subfield>
            <marc:subfield code="h">G3811.C57.1884.N4J4</marc:subfield>
        </marc:datafield>
        <marc:datafield tag="852" ind1="8" ind2=" ">
            <marc:subfield code="b">scidoc</marc:subfield>
            <marc:subfield code="h">8565.672.03 v.1 (text)</marc:subfield>
        </marc:datafield>
        <marc:datafield tag="856" ind1="4" ind2=" ">
            <marc:subfield code="u">http://gisserver.princeton.edu/map/2270</marc:subfield>
        </marc:datafield>
    </marc:record>
    <marc:record type="Holdings">
        <marc:leader>00183nx  a22000851  4500</marc:leader>
        <marc:controlfield tag="001">6430049</marc:controlfield>
        <marc:controlfield tag="004">6449186</marc:controlfield>
        <marc:controlfield tag="005">20110306091254.0</marc:controlfield>
        <marc:controlfield tag="008">1103060u||||8|||4001uu|||0000000</marc:controlfield>
        <marc:datafield tag="852" ind1="8" ind2=" ">
            <marc:subfield code="b">scimc</marc:subfield>
            <marc:subfield code="h">G3811.C57.1884.N4J4</marc:subfield>
        </marc:datafield>
    </marc:record>
    <marc:record type="Holdings">
        <marc:leader>00182nx  a22000854  4500</marc:leader>
        <marc:controlfield tag="001">7316490</marc:controlfield>
        <marc:controlfield tag="004">6449186</marc:controlfield>
        <marc:controlfield tag="005">20130513152705.0</marc:controlfield>
        <marc:controlfield tag="008">1305134u    8   1001uu   0901128</marc:controlfield>
        <marc:datafield tag="852" ind1="8" ind2=" ">
            <marc:subfield code="b">elf1</marc:subfield>
            <marc:subfield code="h">Electronic Resource</marc:subfield>
        </marc:datafield>
    </marc:record>
</marc:collection>
